%%
%% WinShell 3.3.2.5
%% http://www.winshell.org/
%%

% Strings


% Preamble

% BibTeX Entries
@article{abadi,
 author               = {Abadi, Martin and Fourmet, Cedric},
 journal              = {Journal of Theoretical Computer Science},
 pages                = {427-476},
 title                = {Private {A}uthentication},
 volume               = {322},
 year                 = {2004},
 }

@article{acq,
 author               = {Acquisti, Alessandro},
 journal              = {Proceedings of the $5\mathrm{th}$ ACM conference on Electronic Commerce},
 pages                = {21-29},
 title                = {Privacy {I}n {E}lectronic {C}ommerce and the {E}conomics {O}f {I}mmediate {G}ratification},
 year                 = {2004},
 }

@article{ahg,
 author               = {Shanker, Narender and Arbaugh, William},
 journal              = {Proceedings of the Workshop on Security in Ubiquitous Computing},
 title                = {On {T}rust for {U}biquitous {C}omputing},
 year                 = {2002},
 }

@article{alessandroieee,
 author               = {Alessandro Acquisti},
 journal              = {IEEE Security and Privacy},
 title                = {Identity Management Privacy and Price Discrimination},
 year                 = {2007},
 }

@article{Anna,
 author               = {Camenisch, J. and Lysyanskaya, A.},
 journal              = {Proceedings of Eurocrypt, 2001, Springer Verlag},
 pages                = {93-118},
 title                = {An {E}fficient {S}ystem for {N}ontransferrable {A}nonymous {C}redentials with {O}ptional {A}nonymity {R}evocation},
 volume               = {2045},
 year                 = {2001},
 }

@article{bbc,
 author               = {BBC},
 journal              = {Available at http://news.bbc.co.uk/1/hi/business/2662491.stm},
 title                = {Tax {R}ecords {F}or {S}ale},
 year                 = {2003},
 }

@article{bbcmoney,
 author               = {John Penycate},
 journal              = {BBC News Business availabe at http://news.bbc.co.uk/1/hi/business/1395109.stm},
 title                = {Identity theft: stealing your name},
 year                 = {2001},
 }

@inproceedings{beetle,
 author               = {Levy, Amit and Hong, James and Riliskis, Laurynas and Levis, Philip and Winstein, Keith},
 booktitle            = {Mobisys 2016},
 journal              = {Unknown Journal},
 publisher            = {ACM},
 title                = {Beetle: {F}lexible {C}ommunication for {B}luetooth {L}ow {E}nergy},
 year                 = {2016},
 }

@techreport{bel,
 author               = {Bell, David E. and LaPadulla, Leonard J.},
 institution          = {Mitre Corporation},
 number               = {MTR-2997},
 title                = {Secure Computer Systems: Unified Exposition and Multics Interpretation},
 year                 = {1975},
 }

@techreport{bill,
 author               = {Harbison, William},
 institution          = {University of Cambridge},
 number               = {437},
 title                = {Trusting in Computer Systems},
 year                 = {1997},
 }

@article{binding,
 author               = {Christianson, Bruce and Malcolm, J. A.},
 journal              = {Proceedings of the $5\mathrm{th}$ International Workshop on Security Protocols Lecture Notes in Computer Science Series},
 pages                = {105-113},
 title                = {Binding {B}it {P}atterns {T}o {R}eal {W}orld {E}ntities},
 volume               = {1361},
 year                 = {1998},
 }

@article{satoshi,
author = {Nakamoto, Satoshi},
year = {2009},
month = {03},
pages = {},
title = {Bitcoin: A Peer-to-Peer Electronic Cash System},
journal = {Cryptography Mailing list at https://metzdowd.com}
}

@article{blaze,
 author               = {Blaze, Matt and Feigenbaum, Joan and Strauss, M.},
 journal              = {Proceedings of the $2\mathrm{nd}$ Conference on Financial Cryptography: Lecture Notes in Computer Science Series},
 pages                = {251-265},
 title                = {Compliance {C}hecking {I}n {T}he {P}olicymaker {T}rust {M}anagement {S}ystem},
 volume               = {1465},
 year                 = {1998},
 }

@article{blend,
 author               = {Serjantov, Andrei and Dingledine, Roger and Syverson, Paul},
 journal              = {Proceedings of the $5\mathrm{th}$ International Workshop on Information Hiding: Lecture Notes in Computer Science Series},
 pages                = {36-52},
 title                = {From {T}rickle to a {F}lood: {A}ctive {A}ttacks on {S}everal {M}ix {T}ypes},
 volume               = {2482},
 year                 = {2002},
 }

@article{blp,
 author               = {Sandhu, Ravi},
 journal              = {IEEE Computers},
 number               = {2},
 pages                = {9-19},
 title                = {Lattice {B}ased {A}ccess {C}ontrol {M}odels},
 volume               = {26},
 year                 = {1993},
 }

@techreport{brands,
 author               = {Brands, Stefan},
 institution          = {Centrum voor Wiskunde en Informatica},
 number               = {CS-R9455},
 title                = {Offline Cash Transfer by Smart Cards},
 year                 = {1994},
 }

@article{react,
title                 = {React: A JavaScript library for building User Interfaces, https://reactjs.org/},
journal               = {Available at https://reactjs.org/},
}

@INPROCEEDINGS{tian,
  author={ {Feng Tian}},
  booktitle={2016 13th International Conference on Service Systems and Service Management (ICSSSM)}, 
  title={An agri-food supply chain traceability system for China based on RFID   blockchain technology}, 
  year={2016},
  volume={},
  number={},
  pages={1-6},}
  
@inproceedings{jun,
author = {Lin, Jun and Shen, Zhiqi and Zhang, Anting and Chai, Yueting},
title = {Blockchain and IoT Based Food Traceability for Smart Agriculture},
year = {2018},
isbn = {9781450365871},
publisher = {Association for Computing Machinery},
address = {New York, NY, USA},
url = {https://doi.org/10.1145/3265689.3265692},
doi = {10.1145/3265689.3265692},
booktitle = {Proceedings of the 3rd International Conference on Crowd Science and Engineering},
articleno = {3},
numpages = {6},
keywords = {Food Traceability, LPWAN, Edge Computing, Internet of Things, Smart Agriculture, Blockchain},
location = {Singapore, Singapore},
series = {ICCSE'18}
}


@article{hlf,
title                 = {The Linux Foundation Projects https://www.hyperledger.org/use/fabric},
journal               = {https://www.hyperledger.org/use/fabric},
}

@article{tls,
title                 = {The Transport Layer Security (TLS) Protocol                               Version 1.2},
journal               = {https://tools.ietf.org/html/rfc5246},
}


@article{walmart,
author                = {Kamath,Reshma},
title                 = {Food Traceability on Blockchain:Walmartâ€™s Pork and Mango Pilots with {IBM}},
Publisher             = {The Journal of British Blockchain},
doi                   = {10.31585/jbba-1-1-(10)2018},
year                  = {2018},
}

@article{wef,
author                = {World Economic Forum},
title                 = {Redesigning Trust, Blockchain Toolkit Working Group, Supply Chain Focus},
year                  = {2020},
}

@article{wef2,
author                = {World Economic Forum},
title                 = {Inclusive Deployment of Blockchain for Supply Chains Part 1},
year                  = {2019},
}

@article{wef3,
author                = {World Economic Forum},
title                 = {Inclusive Deployment of Blockchain for Supply Chains Part 2},
year                  = {2019},
}

@ARTICLE{Cao,
  author={Y. {Cao} and F. {Jia} and G. {Manogaran}},
  journal={IEEE Transactions on Industrial Informatics}, 
  title={Efficient Traceability Systems of Steel Products Using Blockchain-Based Industrial Internet of Things}, 
  year={2020},
  volume={16},
  number={9},
  pages={6004-6012},}

@INPROCEEDINGS{chen,
  author={S. {Chen} and R. {Shi} and Z. {Ren} and J. {Yan} and Y. {Shi} and J. {Zhang}},
  booktitle={2017 IEEE 14th International Conference on e-Business Engineering (ICEBE)}, 
  title={A Blockchain-Based Supply Chain Quality Management Framework}, 
  year={2017},
  volume={},
  number={},
  pages={172-176},}

@InProceedings{lejla,
author={Tuyls, Pim and Batina, Lejla},
editor={Pointcheval, David},
title={{R}{F}{I}{D}-{T}ags for {A}nti-counterfeiting},
booktitle={Topics in Cryptology -- CT-RSA 2006},
year={2006},
publisher={Springer Berlin Heidelberg},
address={Berlin, Heidelberg},
pages={115--131},
}

@INPROCEEDINGS{nfc,
  author={M. Q. {Saeed} and Z. {Bilal} and C. D. {Walter}},
  booktitle={2013 Eleventh Annual Conference on Privacy, Security and Trust}, 
  title={An NFC based consumer-level counterfeit detection framework}, 
  year={2013},
  volume={},
  number={},
  pages={135-142},}


@INPROCEEDINGS{Schmidt,
  author={Schmidt, Christoph G and Wagner, Stephen},
  booktitle={Journal of Purchasing and Supply Management}, 
  title={Blockchain and supply chain relations: A transaction cost theory perspective}, 
  year={2019},
  volume={25},
  number={4},}


@article{bruce2013,
 author               = {Christianson, Bruce},
 date-added           = {2013-12-09 13:39:30 +0000},
 date-modified        = {2013-12-09 13:43:12 +0000},
 journal              = {Philosophy and Technology},
 month                = {January},
 number               = {4},
 pages                = {411-429},
 title                = {Living In An Impossible World},
 volume               = {26},
 year                 = {2013},
 }

@article{brucetrust,
 author               = {Christianson, Bruce and Harbison, William},
 journal              = {Proceedings of the $3\mathrm{rd}$ International Workshop on Security Protocols: Lecture Notes in Computer Science Series},
 pages                = {171-176},
 title                = {Why {I}sn't {T}rust {T}ransitive},
 volume               = {1189},
 year                 = {1996},
 }

@phdthesis{bruno,
 author               = {Crispo, B.},
 school               = {University of Cambridge},
 title                = {Delegation of Responsibility},
 year                 = {1999},
 }

@techreport{calz,
 author               = {Calzolari, Giacomo and Pavan, Alessandro},
 institution          = {University of Toulouse},
 title                = {Optimal Design of Privacy Policies},
 year                 = {1992},
 }

@article{carl,
 author               = {Ellison, Carl and Schneier, Bruce},
 journal              = {Computer Security Journal},
 number               = {1},
 pages                = {1-7},
 title                = {Ten {R}isks of {PKI}: {W}hat {Y}ou {A}re {N}ot {B}eing {T}old {A}bout {P}ublic {K}ey {I}nfrastructure},
 volume               = {16},
 year                 = {2000},
 }

@article{cha,
 author               = {Chaum, David},
 journal              = {Scientific American},
 month                = {August},
 pages                = {96-101},
 title                = {Achieving {E}lectronic {P}rivacy},
 year                 = {1992},
 }

@article{context,
 author               = {Das Chowdhury, Partha and Christianson, Bruce and Malcolm, J.A.},
 journal              = {In B. Christianson, B. Crispo, J. A. Malcolm, and M. Roe, editors Proceedings of the $13\mathrm{th}$ International Workshop on Security Protocols: Lecture Notes in Computer Science Series},
 pages                = {315-321},
 publisher            = {Springer-Verlag, Berlin},
 title                = {Anonymous {C}ontext {B}ased {R}ole {A}ctivation {M}echanism},
 volume               = {4631},
 year                 = {2007},
 }

@article{cotrel,
 author               = {Moller, Ulf and Cotrell, Lance and Palfrader, Peter and Sassaman, Len},
 note                 = {Draft},
 title                = {MixMaster {P}rotocol {V}ersion 2},
 year                 = {2003},
 }

@article{crwds,
 author               = {Reiter, Michael K. and Rubin, Aviel D.},
 journal              = {ACM Transactions on Information and Systems Security},
 number               = {1},
 pages                = {66-92},
 title                = {Crowds: {A}nonymity {F}or {W}eb {T}ransactions},
 volume               = {1},
 year                 = {1998},
 }

@article{crypfail,
 author               = {Ross Anderson},
 journal              = {ACM Proceedings of the First Conference on Computer and Communications Security},
 title                = {Why Crytposystems Fail?},
 year                 = {1993},
 }

@article{deleone,
 author               = {Ding, Y. and Horster, P. and Peterson, H.},
 journal              = {Proceedings of the $2\mathrm{nd}$ Conference on Computer and Communications Security},
 title                = {A {N}ew {A}pproach for {D}elegation {U}sing {H}ierarchical {D}elegation {T}oken},
 year                 = {1996},
 }

@article{deletwo,
 author               = {Gasser, M. and McDermott, E.},
 journal              = {Proceedings of the IEEE Symposium on Security and Privacy},
 title                = {An {A}rchitecture for {P}ractical {D}elegation in a {D}istributed {S}ystem},
 year                 = {1990},
 }

@article{dh,
 author               = {Diffie, W. and Hellman, M.},
 journal              = {IEEE Transactions on Information Theory},
 pages                = {472-492},
 title                = {New {D}irections {I}n {C}ryptography},
 volume               = {22},
 year                 = {1976},
 }

@book{dixit,
 author               = {A. Dixit and B Nalebuff},
 date-added           = {2013-12-09 14:00:51 +0000},
 date-modified        = {2013-12-09 14:02:57 +0000},
 publisher            = {Norton},
 title                = {Thinking Strategically},
 year                 = {1991},
 }

@book{dutta,
 author               = {P.K.Dutta},
 date-added           = {2013-12-09 14:05:41 +0000},
 date-modified        = {2013-12-09 14:06:35 +0000},
 publisher            = {MIT},
 title                = {Strategies and Games:Theory and Practice},
 year                 = {1999},
 }

@article{ECW,
 author               = {Bohm, Nicholas and Brown, Ian and Gladman, Brian},
 journal              = {Journal of Information Law and Technology},
 number               = {3},
 pages                = {173-199},
 title                = {Who {C}arries {T}he {R}isk {O}f {F}raud {I}n {E}commerce},
 volume               = {2000},
 year                 = {2000},
 }

@article{elgamalsig,
 author               = {El-Gamal, Taher},
 journal              = {Proceedings of CRYPTO 84 on Advances in cryptology},
 pages                = {10-18},
 title                = {A {P}ublic {K}ey {C}ryptosystem {A}nd a {S}ignature {S}cheme {B}ased on {D}iscrete {L}ogarithms},
 year                 = {1984},
 }

@article{erc,
 author               = {Friedman, Eric J. and Resnick, Paul},
 journal              = {Journal of Economics and Management Strategy},
 number               = {2},
 pages                = {173-199},
 title                = {The {S}ocial {C}ost of {C}heap {P}seudonyms},
 volume               = {10},
 year                 = {2001},
 }

@article{fact,
 author               = {McKurley, K.},
 journal              = {Journal of Cryptology},
 pages                = {95-105},
 title                = {A {K}ey {D}istribution {S}ystem {E}qual to {F}actoring},
 volume               = {1},
 year                 = {1988},
 }

@article{fipr,
 author               = {House of Commons, Minutes of Evidence' Taken Before Home Affairs Committee},
 journal              = {Available at http://www.parliament.the-stationery-office.co.uk/pa/cm200304/cmselect/cmhaff/uc130-iv/uc13002.htm},
 title                = {Inquiry Into Identity Cards},
 year                 = {2004},
 }

@article{globe,
 author               = {Popescu, Bogdan and Van Steen, Martin and Tanenbaum, Andrew},
 date-modified        = {2013-12-09 13:33:28 +0000},
 journal              = {Proceedings of the $18\mathrm{th}$ Annual Computer Security Applications Conference},
 title                = {A {S}ecurity {A}rchitecture for {O}bject {B}ased {D}istributed {S}ystems},
 year                 = {2002},
 }

@article{grs,
 author               = {Chaum, David and Heyst, Eugene Van},
 journal              = {Proceedings of Eurocrypt: Advances in Cryptology: Lecture Notes in Computer Science Series},
 pages                = {257-265},
 title                = {Group {S}ignatures},
 volume               = {547},
 year                 = {1991},
 }

@article{gup,
 author               = {Syverson, Paul F. and Stubblebine, Stuart},
 journal              = {Proceedings of the $4\mathrm{th}$ Annual Conference on Financial Cryptography: Lecture Notes in Computer Science},
 pages                = {276-294},
 title                = {Authentic {A}ttributes {W}ith {F}ine {G}rained {A}nonymity {P}rotection},
 volume               = {1962},
 year                 = {2000},
 }

@article{hey,
 author               = {Heylighen, F.},
 journal              = {Journal of Ideas},
 number               = {4},
 pages                = {70-76},
 title                = {Evolution {S}elfishness and {C}ooperation},
 volume               = {2},
 year                 = {1992},
 }

@article{idemix,
 author               = {Camenisch, Jan and Herreweghen, Els Van},
 journal              = {Proceedings of the $9\mathrm{th}$ ACM conference on Computer and Communications Security},
 pages                = {21-30},
 title                = {Design {A}nd {I}mplementation {O}f {T}he {\it {I}demix} {A}nonymous {C}redential {S}ystem},
 year                 = {2002},
 }

@article{inc,
 author               = {Rabin, Tal and Ben-Or, Michael},
 journal              = {Proceedings of the $21\mathrm{st}$ ACM Symposia on Theory of Computing},
 pages                = {73-85},
 title                = {Verifiable {S}ecret {S}haring and {M}ultiparty {P}rotocols {W}ith {H}onest {M}ajority},
 year                 = {1989},
 }

@article{iut,
 author               = {Patton, Mary Ann and Josang, Audung},
 journal              = {Proceedings of the IFIP working conference on Ecommerce},
 title                = {Technologies {F}or {T}rust {I}n {E}commerce},
 year                 = {2001},
 }

@article{jacobchicago,
 author               = {Lior Jacob Strahilevitz},
 date-added           = {2015-01-04 04:19:05 +0000},
 date-modified        = {2015-01-04 08:57:46 +0000},
 journal              = {COASE-SANDOR INSTITUTE FOR LAW AND ECONOMICS WORKING PAPER NO. 637 (2D SERIES) PUBLIC LAW AND LEGAL THEORY WORKING PAPER NO. 421, University of Chicago},
 title                = {TOWARD A POSITIVE THEORY OF PRIVACY LAW},
 year                 = {2013},
 }

@article{joan,
 author               = {Feigenbaum, Joan and Freedman, Michael J. and Sander, Tomas and Shostack, Adam},
 journal              = {Proceedings of the Workshop on Economics and Information Security, available at \\ http://www.homeport.org/~adam/econbar-wes02.pdf},
 title                = {Economic {B}arriers {T}o {T}he {D}eployment {O}f {E}xisting {P}rivacy {T}echnologies ({P}osition {P}aper)},
 year                 = {2002},
 }

@inproceedings{kerberos,
 author               = {Jennifer G. Steiner and Clifford Neuman and Jeffrey I. Schiller},
 booktitle            = {IN USENIX CONFERENCE PROCEEDINGS},
 pages                = {191--202},
 title                = {Kerberos: An Authentication Service for Open Network Systems},
 year                 = {1988},
 }

@article{key,
 author               = {Blaze, Matt and Feigenbaum, Joan and Ioannides, J. and Keromytis, Angelos},
 journal              = {Request For Comments Series},
 number               = {2704},
 title                = {The {K}eynote {T}rust {M}anagement {S}ystem},
 year                 = {1999},
 }

@article{kolb,
 author               = {Times News Service},
 journal              = {http://timesofindia.indiatimes.com/city/kolkata-/Kolkata-Police-set-up-blog-for-popular-feedback/articleshow/5034239.cms},
 title                = {Kolkata Police Set Up BLog for Popular Feedback},
 year                 = {2009},
 }

@bachelorsthesis{kp,
 author               = {KohnFelder, Loren M.},
 school               = {M.I.T.},
 title                = {Towards a Practical Public Key Cryptosystem, {B}.{S}. Thesis, {M}.{I}.{T}.},
 year                 = {1978},
 }

@article{kuhn,
 author               = {Ferraiolo, David and Kuhn, Richard},
 journal              = {Proceedings of the $15\mathrm{th}$ National Computer Security Conference},
 pages                = {13-16},
 title                = {Role {B}ased {A}ccess {C}ontrol},
 year                 = {1992},
 }

@article{many,
 author               = {Berthold, Oliver and Pfitzman, Andreas and Stantke, Rony},
 journal              = {Proceedings of the Workshop on Design Issues in Anonymity and Unobservability: Designing Privacy Enhancing Technologies: Lecture Notes in Computer Science Series},
 pages                = {30-49},
 title                = {The {D}isadvantages {O}f {F}ree {M}ix {R}outes {A}nd {H}ow {T}o {O}vercome {T}hem},
 volume               = {2009},
 year                 = {2000},
 }

@book{mathuria,
 author               = {Boyd, C. and Mathuria, A.},
 publisher            = {Springer},
 title                = {Protocols for Authentication and Key Establishment},
 year                 = {2003},
 }

@phdthesis{mike,
 author               = {Roe, Michael},
 school               = {University of Cambridge},
 title                = {Cryptography and Evidence},
 year                 = {1997},
 }

@article{mix,
 author               = {Chaum, David},
 journal              = {Communications of the ACM},
 number               = {2},
 pages                = {84-90},
 title                = {Untraceable {E}lectronic {M}ail, {R}eturn {A}ddresses {A}nd {D}igital {P}seudonyms},
 volume               = {24},
 year                 = {1981},
 }

@article{MMD,
 author               = {Danezis, George and Dingledine, Roger and Mathewson, Nick},
 journal              = {Proceedings of the $24\mathrm{th}$ IEEE Symposium on Security and Privacy},
 pages                = {2-15},
 title                = {Mixminion: {D}esign {O}f {A} Type {III} {A}nonymous {R}emailer},
 year                 = {2003},
 }

@article{mof,
 author               = {Moffet, Jonathan D.},
 journal              = {Proceedings of the Symposia on Access Control Models and Technologies: $3\mathrm{rd}$ ACM workshop on Role Based Access Control},
 pages                = {63-69},
 title                = {Control {P}rinciples {A}nd {R}ole {H}ierarchies},
 year                 = {1999},
 }

@inproceedings{mqtt,
 author               = {Stanford-Clark, Andy and Truong, Hong L and Hunkeler, Urs},
 booktitle            = {3rd International Conference on Communication Systems Software and Middleware and Workshops (COMSWARE'08)},
 journal              = {Unknown Journal},
 title                = {MQTT-{S} Â– {A} {P}ublish/{S}ubscribe {P}rotocol {F}or {W}ireless {S}ensor {N}etworks},
 year                 = {2008},
 }

@article{muthoo,
 author               = {Muthoo, Abhinay},
 journal              = {World Economics},
 number               = {2},
 pages                = {145-166},
 title                = {A {N}on {T}echnical {I}ntroduction {T}o {B}argaining {T}heory},
 volume               = {1},
 year                 = {2000},
 }

@article{needham,
 author               = {Wilkes, Maurice V.},
 journal              = {Elsevier Science Inc.},
 title                = {Time {S}haring {C}omputer {S}ystems},
 year                 = {1975},
 }

@article{NGSCB,
 author               = {Carrol, Amy and Juarez, Mario and Polk, Julia and Leininger, Tony},
 journal              = {Available at http: //www.microsoft.com/PressPass/features/ 2002/jul02/0724palladiumwp.asp},
 title                = {Microsoft {P}alladium: {A} {B}usiness {O}verview},
 year                 = {2002},
 }

@article{nist,
 author               = {Ferraiolo, David and Sandhu, Ravi and Gavrilla, Serban and Kuhn, Richard and Chandramouli, Ramaswamy},
 journal              = {ACM Transactions on Information and Systems Security},
 number               = {3},
 pages                = {224-274},
 title                = {Proposed {NIST} {S}tandard {F}or {R}ole {B}ased {A}ccess {C}ontrol},
 volume               = {4},
 }

@techreport{oasis,
 author               = {Belokosztolszki, Andras},
 institution          = {University of Cambridge},
 number               = {586},
 title                = {Role Based Access Control Policy Administration},
 year                 = {2004},
 }

@article{odylzko,
 author               = {Odylzko, Andrew},
 journal              = {Proceedings of the $5\mathrm{th}$ International Conference on Electronic Commerce},
 pages                = {355-366},
 title                = {Privacy {E}conomics and {P}rice {D}iscrimination on the {I}nternet},
 year                 = {2003},
 }

@article{odylzkounsolvable,
 author               = {Odylzko, Andrew},
 journal              = {Information Security and Privacy: $8\mathrm{th}$ Australasian Conference, ACISP 2003, R. Safavi-Naini and J. Seberry, eds., Lecture Notes in Computer Science},
 pages                = {51-54},
 title                = {The {U}nsolvable {P}rivacy {P}roblem {A}nd {I}ts {I}mplications {F}or {S}ecurity {T}echnologies},
 volume               = {2727},
 year                 = {2003},
 }

@article{onion,
 author               = {Syverson, Paul and Goldschlag, David and Reed, Michael},
 journal              = {Proceedings of the $18\mathrm{th}$ IEEE Symposium on Security and Privacy},
 pages                = {44-54},
 title                = {Anonymous {C}onnections {A}nd {O}nion {R}outing},
 year                 = {1997},
 }

@article{parthadel,
 author               = {Das Chowdhury, Partha and Christianson, Bruce and Malcolm, James},
 journal              = {Lecture Notes in Computer Science 3803},
 pages                = {66-76},
 title                = {Auditable Anonymous Delegation},
 year                 = {2005},
 }

@article{partharing,
 author               = {Das Chowdhury, Partha and Christianson, Bruce and Malcolm, James},
 bdsk-url-1           = {http://dx.doi.org/10.1007/978-3-540-77156-2_39},
 booktitle            = {Security Protocols},
 doi                  = {10.1007/978-3-540-77156-2_39},
 editor               = {Christianson, Bruce and Crispo, Bruno and Malcolm, JamesA. and Roe, Michael},
 isbn                 = {978-3-540-77155-5},
 pages                = {315-321},
 publisher            = {Springer Berlin Heidelberg},
 series               = {Lecture Notes in Computer Science},
 title                = {Anonymous Context Based Role Activation Mechanism},
 url                  = {http://dx.doi.org/10.1007/978-3-540-77156-2_39},
 volume               = {4631},
 year                 = {2007},
 }

@phdthesis{partho,
 author               = {Das Chowdhury, Partha},
 school               = {University of Hertfordshire},
 title                = {Anonymity and Trust In The Electronic World},
 year                 = {2005},
 }

@article{pdc,
 author               = {Das Chowdhury, Partha and Christianson, Bruce and Malcolm, J.A.},
 journal              = {In B. Christianson, B. Crispo, J. A. Malcolm, and M. Roe, editors Proceedings of the $12\mathrm{th}$ International Workshop on Security Protocols: Lecture Notes in Computer Science Series},
 pages                = {299-305},
 publisher            = {Springer-Verlag, Berlin},
 title                = {Anonymous {A}uthentication},
 volume               = {3957},
 year                 = {2006},
 }

@inproceedings{pdc10,
 author               = {Das Chowdhury, Partha and Christianson, Bruce},
 booktitle            = {B. Christianson and J. A. Malcolm editors, The 18th International Security Protocols Workshop, Cambridge, UK,},
 journal              = {Unknown Journal},
 publisher            = {Springer Verlag},
 series               = {Lecture Notes in Computer Science},
 title                = {More {S}ecurity or {L}ess {I}nsecurity},
 volume               = {115-119},
 year                 = {2010},
 }

@article{pdc14,
 author               = {Das Chowdhury, Partha and Christianson, Bruce},
 journal              = {B. Christianson, B. Crispo, J. A. Malcolm, V. Matyas, P. Svenda, F. Stajano and J. Anderson, editors Proceedings of the $22\mathrm{nd}$ International Workshop on Security Protocols: Lecture Notes in Computer Science Series},
 pages                = {340-344},
 publisher            = {Springer-Verlag, Berlin},
 title                = {Beyond {T}rust},
 volume               = {8809},
 year                 = {2014},
 }

@article{pdc2010,
 author               = {Das Chowdhury, Partha and Christianson, Bruce},
 journal              = {In B. Christianson, J. A. Malcolm Proceedings of the $18\mathrm{th}$ International Workshop on Security Protocols: Lecture Notes in Computer Science Series},
 pages                = {115-119},
 publisher            = {Springer-Verlag, Berlin},
 title                = {More {S}ecurity or {L}ess {I}nsecurity},
 volume               = {7061},
 year                 = {2010},
 }

@article{PNS,
 author               = {Lysyanskaya, Anna and Rivest, Ronald and Sahai, Amit and Wolf, Stefan},
 journal              = {Proceedings of the $6\mathrm{th}$ Annual International Workshop on Selected Areas in Cryptography: Lecture Notes in Computer Science},
 pages                = {184-199},
 title                = {Pseudonym {S}ystems},
 volume               = {1758},
 year                 = {1999},
 }

@article{poh,
 author               = {Pohlig, S. and Hellman, M.},
 journal              = {IEEE Transactions on Information Theory},
 pages                = {106-110},
 title                = {An {I}mproved {A}lgorithm {F}or {C}omputing {L}ogarithms {A}nd {I}ts {C}ryptographic {S}ignificance},
 volume               = {24},
 year                 = {1978},
 }

@article{pollard,
 author               = {Pollard, J.M.},
 journal              = {Mathematics of Computation},
 number               = {143},
 pages                = {918-924},
 title                = {Monte {C}arlo {M}ethod for {I}ndex {C}omputation mod P},
 volume               = {32},
 year                 = {1978},
 }

@book{pom,
 author               = {Pomerance, Carl},
 publisher            = {American Mathematical Society},
 title                = {Cryptology And Computational Number Theory: Proceedings of the Symposia on Applied Mathematics},
 volume               = {42},
 year                 = {1989},
 }

@techreport{rcbs,
 author               = {Beresnevichiene, Yolanta},
 institution          = {University of Cambridge},
 number               = {558},
 title                = {A Role and Context Based Security Model},
 year                 = {2003},
 }

@mastersthesis{ref,
 author               = {Chu, Yang Hua},
 school               = {M.I.T.},
 title                = {Trust Management for the World Wide Web},
 year                 = {1997},
 }

@article{rivest,
 author               = {Rivest, Ronald and Shamir, Adi and Tauman, Yael},
 journal              = {Proceedings of the $7\mathrm{th}$ International Conference on the Theory and Applications of Cryptology and Information Security; Advances in Cryptology: Lecture Notes in Computer Science Series},
 pages                = {552-565},
 title                = {How {T}o {L}eak {A} {S}ecret},
 volume               = {2248},
 year                 = {2001},
 }

@book{rja,
 author               = {Anderson, Ross},
 publisher            = {Wiley, Inc},
 title                = {Security Engineering},
 year                 = {2001},
 }

@article{pappu,
 author               = {Pappu, R.; Recht, B.; Taylor, J.; Gershenfeld, N},
 journal              = {Science. 297 (5589): 2026â€“2030},
 title                = {Physical one-way functions},
 year                 = {2002},
 }


@article{rogaway2015,
 author               = {Rogaway,Philip},
 journal              = {Asiacrypt 2015},
 title                = {The Moral Character of Cryptographic Work},
 year                 = {2015},
 }

@article{ross,
 author               = {Anderson, Ross},
 journal              = {Proceedings of the $17\mathrm{th}$ Annual Computer Security Applications Conference},
 pages                = {358},
 title                = {Why {I}nformation {S}ecurity {I}s {H}ard - {A}n {E}conomic {P}erspective},
 year                 = {2001},
 }


@article{ross15,
 author               = {Baqer, Khaled and Anderson,Ross},
 journal              = {Proceedings of the $23\mathrm{rd}$ Security Protocols Workshop},
 title                = {Do {Y}ou {B}elieve in {T}inkerbell? \\{T}he {S}ocial {E}xternalities of {T}rust},
 year                 = {2015},
 }

@article{ross2014,
 author               = {Anderson,Ross},
 journal              = {Workshop on Economics and Information Security},
 title                = {Privacy versus government surveillance: where network effects meet public choice},
 year                 = {2014},
 }

@inproceedings{rosscrypto,
 author               = {Anderson, Ross},
 booktitle            = {1st Conference Computer and Communications Security},
 journal              = {Unknown Journal},
 publisher            = {ACM},
 title                = {Why {C}ryptosystems {F}ail?},
 year                 = {1993},
 }

@article{rossregister,
 author               = {Ross Anderson},
 journal              = {The Register},
 title                = {RIPA III: A legislative turkey comes home to roost. The Tragic Consequences of anti crypto Law},
 year                 = {2009},
 }

@article{RSA,
 author               = {Rivest, Ronald, Shamir, Adi and Adleman, Mark},
 date-modified        = {2013-12-09 13:34:16 +0000},
 journal              = {Communications of the ACM},
 number               = {2},
 pages                = {120-126},
 title                = {A {M}ethod {F}or {O}btaining {D}igital {S}ignatures {A}nd {P}ublic-{K}ey {C}ryptosystems},
 volume               = {21},
 year                 = {1978},
 }

@article{scop,
 author               = {Crampton, Jason and Loizou, G.},
 journal              = {ACM Transactions on Information and Systems Security},
 number               = {2},
 pages                = {201-231},
 title                = {Administrative {S}cope: {A} {F}oundation {F}or {R}ole {B}ased {A}dministrative {M}odels},
 volume               = {6},
 year                 = {2003},
 }

@article{securesessions,
 author               = {Christianson, Bruce and Roe, Michael and Wheeler, David},
 journal              = {Proceedings of the $11\mathrm{th}$ International Workshop on Security Protocols Lecture Notes in Computer Science Series},
 pages                = {190-212},
 title                = {Secure {S}essions {F}rom {W}eak {S}ecrets},
 volume               = {3364},
 year                 = {2003},
 }

@article{senformula,
 author               = {Sen, Amartya},
 journal              = {The American Economic Review},
 number               = {2},
 pages                = {385-390},
 title                = {The {F}ormulation {O}f {R}ational {C}hoice},
 volume               = {84},
 year                 = {1994},
 }

@book{senjustice,
 author               = {Amartya Sen},
 journal              = {Unknown Journal},
 publisher            = {Penguin},
 title                = {The Idea Of Justice},
 year                 = {2009},
 }

@article{sennobel,
 author               = {Sen, Amartya},
 journal              = {The American Economic Review},
 number               = {3},
 pages                = {349-378},
 title                = {The {P}ossibility {O}f {S}ocial {C}hoice},
 volume               = {89},
 year                 = {1999},
 }

@article{senrational,
 author               = {Sen, Amartya},
 journal              = {The American Economic Review},
 number               = {1},
 pages                = {1-24},
 title                = {Rationality {A}nd {S}ocial {C}hoice},
 volume               = {85},
 year                 = {1995},
 }

@article{shankar,
 author               = {Shankar, Narendar and Arbaugh, William A.},
 journal              = {Proceedings of the Workshop on Security in Ubiquitous Computing: available at http://www.teco.edu/~philip/ubicomp2002ws/},
 title                = {On {T}rust for {U}biquitous {C}omputing},
 year                 = {2002},
 }

@book{shanks,
 author               = {Knuth, D.},
 publisher            = {Addison Wesley, Inc},
 title                = {Sorting and Searching: The Art of Computer Programming},
 volume               = {3},
 year                 = {1998},
 }

@article{spk,
 author               = {Ellison, Carl and Frantz, B. and Rivest, Ronald and Thomas, B. and Ylonen, T},
 journal              = {Request For Comments Series},
 number               = {2693},
 title                = {SPKI {C}ertificate {T}heory},
 year                 = {1999},
 }

@article{stajano,
 author               = {Stajano, Frank},
 journal              = {In Proceedings Security Protocols Workshop},
 title                = {Pico: No More Passwords},
 year                 = {2011},
 }

@book{stallings,
 author               = {Stallings, William},
 publisher            = {Prentice Hall},
 title                = {Cryptography and Network Security},
 year                 = {1999},
 }

@article{synovate,
 author               = {Federal Trade Commission-},
 journal              = {Synovate},
 title                = {Identity Theft Survey Report},
 year                 = {2003},
 }

@article{syver,
 author               = {Syverson, Paul and Goldshlag, David},
 journal              = {ACM Transactions on Information and Systems Security},
 number               = {4},
 pages                = {354-389},
 title                = {Unlinkable {S}erial {T}ransactions: Protocols {A}nd {A}pplications},
 volume               = {2},
 year                 = {2000},
 }

@techreport{taylor,
 author               = {Taylor, Curtis R.},
 institution          = {Department of Economics of Duke University},
 title                = {Private Demands and Demands for Privacy: Dynamic Pricing and Market for Customer Information},
 year                 = {2002},
 }

@article{tcpa,
 author               = {Whitepaper, TCPA},
 journal              = {Available at http://news.bbc.co.uk/1/hi/business/2662491.stm},
 title                = {Trusted {P}latform {M}odules {S}trengthen {U}ser {A}nd {P}latform {A}uthenticity},
 year                 = {2003},
 }

@article{tgm,
 author               = {Grandison, Tyrone and Sloman, Morris},
 journal              = {IEEE communications Surveys Tutorials},
 number               = {4},
 pages                = {2-16},
 title                = {A {S}urvey of {T}rust in {I}nternet {A}pplications},
 volume               = {3},
 year                 = {2000},
 }

@article{tring,
 author               = {Breeson, Emanuel and Stern, Jacques and Szydlo, Michael},
 journal              = {Advances in Cryptology Proceedings of Crypto 02: Lecture Notes in Computer Science Series},
 pages                = {465-480},
 title                = {Threhold {R}ing {S}ignatures and {A}pplications to {A}dhoc {G}Roups},
 volume               = {2442},
 year                 = {2002},
 }

@article{trns,
 author               = {Chaum, David},
 journal              = {Communications of the ACM},
 number               = {10},
 pages                = {1030-1044},
 title                = {Security {W}ithout {I}dentification: {T}ransaction {S}ystems {T}o {M}ake {B}ig {B}rother {O}bsolete},
 volume               = {28},
 year                 = {1985},
 }

@book{vanstone,
 author               = {Menezes, A. and Oorschoot, P. van and Vanstone, S.},
 publisher            = {CRC Press},
 title                = {Handbook of Applied Cryptography},
 year                 = {1997},
 }

@techreport{var,
 author               = {Acquisti, Alessandro and Varian, Hal},
 institution          = {University of California Berkeley},
 title                = {Conditioning Prices on Purchase History},
 year                 = {2001},
 }

@article{verheul,
 author               = {Verheul, E. R.},
 journal              = {Proceedings of Asiacrypt, 2001, Springer Verlag},
 pages                = {533-551},
 title                = {Self {B}lindable {C}redential {C}ertificates from the {W}eil {P}airing},
 volume               = {2248},
 year                 = {2001},
 }

@book{watson,
 author               = {J. Watson},
 date-added           = {2013-12-09 14:03:19 +0000},
 date-modified        = {2013-12-09 14:05:33 +0000},
 publisher            = {Norton},
 title                = {Strategy: An Introduction to Game Theory},
 year                 = {2002},
 }
